<?xml version="1.0" encoding="UTF-8"?>
<collection xmlns:xsi="http://www.w3.org/2001/XMLSchema-instance" xsi:schemaLocation="http://www.loc.gov/MARC21/slim http://www.loc.gov/standards/marcxml/schema/MARC21slim.xsd" xmlns="http://www.loc.gov/MARC21/slim">
<record>
  <leader>00951cam a22002531  4500</leader>
  <controlfield tag="001">2684373</controlfield>
  <controlfield tag="003">NNC</controlfield>
  <controlfield tag="005">20150920222859.0</controlfield>
  <controlfield tag="008">000926s1939    le ac         000 0 ara d</controlfield>
  <datafield tag="035" ind1=" " ind2=" ">
    <subfield code="a">(OCoLC)78644301</subfield>
  </datafield>
  <datafield tag="035" ind1=" " ind2=" ">
    <subfield code="a">(OCoLC)ocm78644301</subfield>
  </datafield>
  <datafield tag="035" ind1=" " ind2=" ">
    <subfield code="9">ARD3915CU</subfield>
  </datafield>
  <datafield tag="035" ind1=" " ind2=" ">
    <subfield code="a">(NNC)2684373</subfield>
  </datafield>
  <datafield tag="040" ind1=" " ind2=" ">
    <subfield code="a">ZCU</subfield>
    <subfield code="c">ZCU</subfield>
  </datafield>
  <datafield tag="099" ind1=" " ind2=" ">
    <subfield code="a">953</subfield>
    <subfield code="a">Q124</subfield>
  </datafield>
  <datafield tag="111" ind1="2" ind2=" ">
    <subfield code="a">Muʼtamar lil-Ṭullāb al-ʻArab</subfield>
    <subfield code="n">(1st :</subfield>
    <subfield code="d">1938 :</subfield>
    <subfield code="c">Brussels, Belgium)</subfield>
  </datafield>
  <datafield tag="245" ind1="1" ind2="3">
    <subfield code="a">al-Qawmīyah al-ʻArabīyah ;</subfield>
    <subfield code="b">ḥaqīqatuhā, ahdāfuhā, wa-sāʾiluhā ; kamā waḍaʻahā al-Muʾtamar al-awwal lil-tullāb al-ʻArab fī Ūrubbā al-munʻaqid fī Brūksel min 27-29 Dīsember sanat 1938.</subfield>
  </datafield>
  <datafield tag="260" ind1=" " ind2=" ">
    <subfield code="a">Bayrūt,</subfield>
    <subfield code="b">Dār al-Aḥad lil-ṭabʻ wa-al-nashr,</subfield>
    <subfield code="c">[1939?]</subfield>
  </datafield>
  <datafield tag="300" ind1=" " ind2=" ">
    <subfield code="a">145 p.</subfield>
    <subfield code="b">illus., ports.</subfield>
  </datafield>
  <datafield tag="490" ind1="1" ind2=" ">
    <subfield code="a">Kitāb al-Muʾtamar ;</subfield>
    <subfield code="v">1</subfield>
  </datafield>
  <datafield tag="650" ind1=" " ind2="0">
    <subfield code="a">Panarabism.</subfield>
  </datafield>
  <datafield tag="650" ind1=" " ind2="0">
    <subfield code="a">Arab nationalism</subfield>
    <subfield code="v">Congresses.</subfield>
  </datafield>
  <datafield tag="830" ind1=" " ind2="0">
    <subfield code="a">Kitāb al-Muʼtamar ;</subfield>
    <subfield code="v">1.</subfield>
  </datafield>
  <datafield tag="955" ind1=" " ind2=" ">
    <subfield code="b">0026813688</subfield>
    <subfield code="d">glx</subfield>
    <subfield code="e">953 Q124</subfield>
  </datafield>
</record>
</collection>